01,WPACAU2DK,BHOL,190321,1631,01,080,,2/
02,BHOL,WPACAU2DK,1,190208,,AUD,2/
03,032000000007,AUD,010,0,,,015,1200000,,,045,1200000,,,400,2800000,4,,100/
88,4000000,6,/
16,495,500000,Z,2003412,beneficiary descrip/
88,WITHDRAWAL    2003412 Payer Name This is the beneficiary descrip
16,495,800000,Z,1413245,beneficiary descrip/
88,WITHDRAWAL-OSKO PAYMENT 1413245 Payee Name This is the beneficiary descrip
16,566,78000,Z,1413245,6 Requested by paye/
88,WITHDRAWAL-PAYMENT RETURN 2413480 07 Feb 2019 MD06 Requested by paye
16,566,400000,Z,1413245,6 Requested by paye/
88,WITHDRAWAL-OSKO PAYMENT RETURN 2413481 07 Feb 2019 MD06 Requested by paye
16,195,600000,Z,2056575,beneficiary descrip/
88,DEPOSIT 2056575 Payee Name This is the beneficiary descrip
16,195,500000,Z,2003412,beneficiary descrip/
88,DEPOSIT-OSKO PAYMENT    2003412 Payer Name This is the beneficiary descrip
16,266,500000,Z,1413245,5 Payee is not fami/
88,DEPOSIT-PAYMENT    RETURN 1286995 05 Feb 2019 BE05 Payee is not fami
16,266,800000,Z,1413245,5 Payee is not fami/
88,DEPOSIT-OSKO PAYMENT    RETURN 1286995 05 Feb 2019 BE05 Payee is not fami
16,252,500000,Z,1413245,7 Account closed En/
88,DEPOSIT-PAYMENT    REVERSAL 2003412 07 Feb 2019 AC07 Account closed En
16,252,800000,Z,1413245,7 Account closed En/
88,DEPOSIT-OSKO PAYMENT    REVERSAL 5642137 07 Feb 2019 AC07 Account closed En
49,14678000,23/
98,14678000,1,25/
99,14678000,1,27/
